@online{raid,
author={TODO},
title={Raid - Ses différents types},
year={2019},
url={https://www.supinfo.com/articles/single/1176-raid-ses-differents-types},
urldate = {2019-12-27}
}

@article{failover,
author={TODO},
title={La haute disponibilité},
year={2019},
url={https://lea-linux.org/documentations/La_haute_disponibilite},
urldate = {2019-12-28}
}
